@article{breggin1998analysis,
    title={Analysis of adverse behavioral effects of benzodiazepines with a discussion on drawing scientific conclusions from the FDA's spontaneous reporting system},
    author={Breggin, Peter R},
    journal={The Journal of mind and behavior},
    pages={21--49},
    year={1998},
    publisher={JSTOR}
}

@article{speer2014savoring,
    title={Savoring the past: positive memories evoke value representations in the striatum},
    author={Speer, Megan E and Bhanji, Jamil P and Delgado, Mauricio R},
    journal={Neuron},
    volume={84},
    number={4},
    pages={847--856},
    year={2014},
    publisher={Elsevier}
}

@article{storbeck2005sadness,
    title={With sadness comes accuracy; with happiness, false memory: Mood and the false memory effect},
    author={Storbeck, Justin and Clore, Gerald L},
    journal={Psychological Science},
    volume={16},
    number={10},
    pages={785--791},
    year={2005},
    publisher={SAGE Publications Sage CA: Los Angeles, CA}
}
