@misc{wikipediacontributors_2019_benzodiazepine,
  author = {Wikipedia Contributors},
  month = {11},
  publisher = {Wikimedia Foundation},
  title = {Benzodiazepine},
  url = {https://en.wikipedia.org/wiki/Benzodiazepine},
  year = {2019},
  organization = {Wikipedia}
}

@article{breggin_1998_analysis,
  author = {Breggin, Peter R.},
  pages = {21–49},
  title = {Analysis of Adverse Behavioral Effects of Benzodiazepines With a Discussion on Drawing Scientific Conclusions from the FDA's Spontaneous Reporting System},
  url = {https://www.jstor.org/stable/43854146?seq=1#metadata_info_tab_contents},
  urldate = {2020-05-11},
  volume = {19},
  year = {1998},
  journal = {The Journal of Mind and Behavior}
}

@article{speer_2014_savoring,
  author = {Speer, Megan E. and Bhanji, Jamil P. and Delgado, Mauricio R.},
  month = {11},
  pages = {847–856},
  title = {Savoring the Past: Positive Memories Evoke Value Representations in the Striatum},
  url = {https://www.sciencedirect.com/science/article/pii/S0896627314008484},
  urldate = {2020-05-11},
  volume = {84},
  year = {2014},
  journal = {Neuron}
}

@article{storbeck_2005_with,
  author = {Storbeck, Justin and Clore, Gerald L.},
  pages = {785–791},
  title = {With Sadness Comes Accuracy; With Happiness, False Memory: Mood and the False Memory Effect},
  url = {https://www.jstor.org/stable/40064315?seq=1},
  volume = {16},
  year = {2005},
  journal = {Psychological Science}
}